%% This BibTeX bibliography file was created using BibDesk.
%% http://bibdesk.sourceforge.net/


%% Created for Axel Alejandro GarcÃ­a Fuentes at 2015-06-04 21:07:45 -0500 


%% Saved with string encoding Unicode (UTF-8) 


@article{bbc07:2012,
  title={Meet the â€˜Botsâ€™ That Edit Wikipedia},
  Url = {http://www.bbc.com/news/magazine-18892510},
  Lastchecked = {2015/05/28},
  author={Nasaw, Daniel},
  journal={BBC News},
  volume={24},
  year={2012}
}


@inproceedings{abu:2006,
  title={A multifaceted approach to understanding the botnet phenomenon},
  author={Abu Rajab, Moheeb and Zarfoss, Jay and Monrose, Fabian and Terzis, Andreas},
  booktitle={Proceedings of the 6th ACM SIGCOMM conference on Internet measurement},
  pages={41--52},
  year={2006},
  organization={ACM}
}

@article{wtalk:2014,
    author = {wikipedia.org},
    lastchecked = {May/05/2015},
    month = {September},
    title = {Wikipedia talk:Creating a bot},
    url = {http://en.wikipedia.org/wiki/Wikipedia_talk:Creating_a_bot},
    journal = {Wikipedia},
    year = {2014}}

@article{emerging:2014,
    author = {technologyreview.com},
    Lastchecked = {May/05/2015},
    month = {July},
    title = {How to Spot a Social Bot on Twitter},
    url = {http://www.technologyreview.com/view/529461/how-to-spot-a-social-bot-on-twitter/},
    journal = {MIT Technology Review},
    year = {2014}}

@article{wikiList:2014,
    author = {wikipedia.org},
    lastchecked = {May/01/2015},
    Month = {June},
    title = {Wikipedia:Bots/Status},
    url = {http://en.wikipedia.org/wiki/Wikipedia:Bots/Status},
    journal = {Wikipedia},
    year = {2014}}

@article{wikibotrequest:2015,
    title={Wikipedia:Bot requests},
    lastchecked = {Aug/31/2015},
    author = {wikipedia.org},
    url = {https://en.wikipedia.org/wiki/Wikipedia:Bot_requests},
    journal = {Wikipedia},
    Month = {August},
    year = {2015}
}

@article{wikiWriter:2014,
    author={McDonald, Glenn},
    lastchecked = {May/01/15},
    month = {July},
    title = {Wikipedia Bot Writes 10,000 Articles a Day},
    url = {http://news.discovery.com/tech/robotics/wikipedia-bot-writes-10000-articles-a-day-140715.htm},
    journal = {news.discovery.com},
    Year = {2014}}


@article{ferrara:2015,
  title={The rise of social bots},
  author={Ferrara, Emilio and Varol, Onur and Davis, Clayton and Menczer, Filippo and Flammini, Alessandro},
  journal={arXiv preprint arXiv:1407.5225},
  year={2014}
}

@article{guld:2013,
    author = {Guldbrandsson, Lennart},
    Lastchecked = {Apr/28/2015},
    month = {June},
    title = {Swedish Wikipedia surpasses 1 million articles with aid of article creation bot},
    url = {http://blog.wikimedia.org/2013/06/17/swedish-wikipedia-1-million-articles/},
    journal = {Wikimedia},
    year = {2013}}


@inproceedings{kuhn:2015,
  title={Science Bots: a Model for the Future of Scientific Computation?},
  author={Kuhn, Tobias},
  booktitle={Proceedings of the 24th International Conference on World Wide Web Companion},
  pages={1061--1062},
  year={2015},
  organization={International World Wide Web Conferences Steering Committee}
}

@book{ayers:2008,
  title={How Wikipedia works: And how you can be a part of it},
  author={Ayers, Phoebe and Matthews, Charles and Yates, Ben},
  year={2008},
  pages={291},
  publisher={Course Technology}
}

@book{morley:2013,
  title={Understanding Computers Today and Tomorrow},
  author={Morley, Deborah and Parker, Charles S.},
  year={2013},
  pages={364},
  publisher={No Starch Press}
}


@article{wagner2012social,
  title={When social bots attack: Modeling susceptibility of users in online social networks},
  author={Wagner, Claudia and Mitter, Silvia and K{\"o}rner, Christian and Strohmaier, Markus},
  journal={Making Sense of Microposts (\# MSM2012)},
  pages={2},
  year={2012},
  publisher={Citeseer}
}

@inproceedings{ratkiewicz2011detecting,
  title={Detecting and Tracking Political Abuse in Social Media.},
  author={Ratkiewicz, Jacob and Conover, Michael and Meiss, Mark and Gon{\c{c}}alves, Bruno and Flammini, Alessandro and Menczer, Filippo},
  booktitle={ICWSM},
  year={2011}
}

@inproceedings{abokhodair2015dissecting,
  title={Dissecting a Social Botnet: Growth, Content and Influence in Twitter},
  author={Abokhodair, Norah and Yoo, Daisy and McDonald, David W},
  booktitle={Proceedings of the 18th ACM Conference on Computer Supported Cooperative Work \& Social Computing},
  pages={839--851},
  year={2015},
  organization={ACM}
}







% 1
@article{ref:01,
  title={Algoritmos fon{\'e}ticos en el desarrollo de un sistema de informaci{\'o}n de marcas y signos distintivos},
  author={Gonzales-Cam, Celso},
  journal={Biblios: Revista electr{\'o}nica de bibliotecolog{\'\i}a, archivolog{\'\i}a y museolog{\'\i}a},
  number={32},
  pages={8},
  year={2008},
  publisher={Biblios},
  howpublished = {\url{http://eprints.rclis.org/12346/1/65.pdf}},
  note = "[Online; accessed 20-June-2016; \url{http://eprints.rclis.org/12346/1/65.pdf}]"
}
  


% 2
@online{ref:02,
  author = {archives.gov},
  title = {The Soundex Indexing System},
  year =  {2007},
  url = {http://www.archives.gov/research/census/soundex.html},
  urldate = {2016-06-20}
}
    
% 3
@article{ref:03,
  title={Introducci{\'o}n a la fon{\'e}tica y fonolog{\'\i}a del espa{\~n}ol},
  author={Fr{\'\i}as Conde, Xavier},
  journal={Ianua. Revista Philologica Romanica},
  volume={4},
  pages={23},
  year={2001}
}
    
 % 4
@article{ref:04,
    author = {Iowa},
    lastchecked = {Jun/20/2016},
    month = {},
    title = {Fonética: Los Sonidos del Español},
    url = {http://soundsofspeech.uiowa.edu/spanish/spanish.html},
    journal = {},
    year = {}}

% 5
@article{ref:05,
    author = {Carmen RUIZ­ SANCHEZ},
    lastchecked = {Jun/20/2016},
    month = {},
    title = {<Update title>},
    url = {https://www.youtube.com/channel/UCvDi2RQf7cAvYozCCX2A1pA},
    journal = {},
    year = {}}

% 6
@article{ref:06,
    author = {uab.es},
    lastchecked = {Jun/20/2016},
    month = {},
    title = {Fonética y fonología},
    url = {http://liceu.uab.es/~joaquim/phonetics/fon_def_ambits/fonetica_fonologia.html},
    journal = {},
    year = {}}

% 7
@article{ref:07,
    author = {},
    lastchecked = {Jun/20/2016},
    month = {},
    title = {<Update title>},
    url = { ttp://www.domingo­roman.net/Documentos/Manual_de_introducci_n.pdf},
    journal = {},
    year = {}}

% 8
@article{ref:08,
    author = {Gary Mokotoff},
    lastchecked = {Jun/20/2016},
    month = {},
    title = {Soundexing and Genealogy by Gary Mokotoff},
    url = { http://www.avotaynu.com/soundex.htm},
    journal = {},
    year = {}}

% 9
@article{ref:09,
    author = {Amón, I., Moreno, F., \& Echeverri, J. },
    lastchecked = {Jun/20/2016},
    month = {},
    title = {Algoritmo fonético para detección de cadenas de texto duplicadas en el idioma español.},
    url = {http://www.scielo.org.co/pdf/rium/v11n20/v11n20a11.pdf},
    journal = {Revista Ingenierías Universidad de Medellín, 11(20), 127­-138.},
    year = {2012}}

% 10    
@article{ref:10,
    author = {Barragán, M. A. R.},
    lastchecked = {Jun/20/2016},
    month = {},
    title = {Similitud fonética entre palabras para mejorar la Recuperacio?n de Información en Documentos Orales.},
    url = {https://ccc.inaoep.mx/~villasen/CursoSeminarioII/PropuestaAlejandroReyes.pdf},
    journal = {},
    year = {2009}}

% 11
@article{ref:11,
    author = {searchforancestors.com},
    lastchecked = {Jun/20/2016},
    month = {},
    title = {Ancestor Search Metaphone Calculator},
    url = {http://www.searchforancestors.com/utility/metaphone.php},
    journal = {},
    year = {}}

% 12
@article{ref:12,
    author = {python.org},
    lastchecked = {Jun/20/2016},
    month = {},
    title = {Metaphone 0.4},
    url = { ttps://pypi.python.org/pypi/Metaphone/0.4},
    journal = {},
    year = {}}

% 13
@article{ref:13,
    author = {w3schools.com},
    lastchecked = {Jun/20/2016},
    month = {},
    title = {PHP metaphone() Function},
    url = { ttp://www.w3schools.com/php/func_string_metaphone.asp},
    journal = {},
    year = {}}

% 14
@article{ref:14,
    author = {Castro, D. C., Porrata, C. A. P., \& Cruz, M. C. Y. R.},
    lastchecked = {Jun/20/2016},
    month = {},
    title = {Métodos para la corrección ortográfica automática del español.},
    url = {http://www.cerpamid.co.cu/sitio/files/tesis_master_daniel.pdf},
    journal = {},
    year = {}}

% 15
@article{ref:15,
    author = {informit.com},
    lastchecked = {Jun/20/2016},
    month = {},
    title = {Using Fuzzy Matching to Search by Sound with Python},
    url = {http://www.informit.com/articles/article.aspx?p=1848528},
    journal = {},
    year = {}}

% 16
@article{ref:16,
    author = {Dr. Peng Ning},
    lastchecked = {Jun/20/2016},
    month = {},
    title = {CSC/ECE 574 Computer and Network Security Topic 4. Cryptographic Hash Functions},
    url = {https://discovery.csc.ncsu.edu/Courses/csc574­F09/slides/T04_HashFunctions.3pp.pdf},
    journal = {},
    year = {}}

% 17
@article{ref:17,
    author = {D. Randall Wilson},
    lastchecked = {Jun/20/2016},
    month = {June},
    title = {Name Standardization for Genealogical Record Linkage, Family \& Church History Department The Church of Jesus Christ of Latter­day Saints},
    url = {http://fhtw.byu.edu/static/conf/2005/wilson­-name­-fhtw2005.pdf},
    journal = {},
    year = {2005}}

% 18
@article{ref:18,
    author = {Trujillo, F.},
    author = {González, A.},
    author = {Cobo, P., \& Cubillas, E.},
    lastchecked = {Jun/20/2016},
    month = {},
    title = {Nociones de fonética y fonología para la práctica educativa.},
    url = {http://fernandotrujillo.es/wp­content/uploads/2010/05/libro_fonetica.pdf},
    journal = {},
    year = {2002}}

% 19
@article{ref:19,
    author = {Morse, Steve},
    lastchecked = {Jun/20/2016},
    month = {},
    title = {<Update title>},
    url = { http://stevemorse.org/phonetics/bmpm2.htm},
    journal = {},
    year = {}}

% 20
@article{ref:20,
    author = {González Rátiva, María Claudia, \& Mejía Escobar, Jorge Antonio.},
    lastchecked = {Jun/20/2016},
    month = {},
    title = {PHONEMIC FREQUENCY OF COLOMBIAN SPANISH. Forma y Función},
    url = {http://www.scielo.org.co/scielo.php?script=sci_arttext&pid=S0120­338X2011000200004&lng =en&tlng=en. },
    journal = {24(2), 69­102},
    year = {2011}}

% 21
@article{ref:21,
    author = {python.org},
    lastchecked = {Jun/20/2016},
    month = {},
    title = {Soundex 1.0},
    url = {https://pypi.python.org/pypi/soundex/1.0},
    journal = {},
    year = {}}

% 22
@article{ref:22,
    author = {python.org},
    lastchecked = {Jun/20/2016},
    month = {},
    title = {Metaphone 0.4},
    url = { https://pypi.python.org/pypi/Metaphone/0.4},
    journal = {},
    year = {}}

% 23
@article{ref:23,
    author = {python.org},
    lastchecked = {Jun/20/2016},
    month = {},
    title = {Fuzzy 1.1},
    url = { https://pypi.python.org/pypi/Fuzzy},
    journal = {},
    year = {}}

% 24
@article{ref:24,
    author = {python.org},
    lastchecked = {Jun/20/2016},
    month = {},
    title = {abydos 0.2.0},
    url = { thtps://pypi.python.org/pypi/abydos},
    journal = {},
    year = {}}


